@article{chang2005absb,
  title={The absB gene encodes a double strand-specific endoribonuclease that cleaves the read-through transcript of the rpsO-pnp operon in Streptomyces coelicolor},
  author={Chang, Samantha A and Bralley, Patricia and Jones, George H},
  journal={Journal of Biological Chemistry},
  volume={280},
  number={39},
  pages={33213--33219},
  year={2005},
  publisher={ASBMB}
}

@article{chang2005absb,
	title={The absB gene encodes a double strand-specific endoribonuclease that cleaves the read-through transcript of the rpsO-pnp operon in Streptomyces coelicolor},
	author={Chang, Samantha A and Bralley, Patricia and Jones, George H},
	journal={Journal of Biological Chemistry},
	volume={280},
	number={39},
	pages={33213--33219},
	year={2005},
	publisher={ASBMB}
}

@article{chang2005absb,
	title={The absB gene encodes a double strand-specific endoribonuclease that cleaves the read-through transcript of the rpsO-pnp operon in Streptomyces coelicolor},
	author={Chang, Samantha A and Bralley, Patricia and Jones, George H},
	journal={Journal of Biological Chemistry},
	volume={280},
	number={39},
	pages={33213--33219},
	year={2005},
	publisher={ASBMB}
}